% This file was created with JabRef 2.10.
% Encoding: UTF8


@MastersThesis{Angonese2013,
  Title                    = {Estação de controle em solo com funcionalidades de voo múltiplo},
  Author                   = {ALBERTO TORRES ANGONESE},
  School                   = {IME},
  Year                     = {2013},

  Abstract                 = {Neste trabalho, desenvolvemos um sistema computacional para uma ECS (estac ̧ ̃ao de controle em solo) capaz de controlar o voo e a navega ̧c ̃ao de mu ́ltiplos vants (Ve ́ıculos A ́ereos Na ̃o Tripulados), implementando funcionalidades de voo em forma ̧c ̃ao e desvio de vants em rota de colisa ̃o. O sistema foi estruturado em dois m ́odulos, o de planejamento de missa ̃o e o mo ́dulo de controle do voo mu ́ltiplo. O planejamento de miss ̃ao  ́e composto por uma ferramenta de planejamento da forma ̧ca ̃o e planejamento de trajet ́oria que foram implementadas com base na API NASA World Wind, possibilitando que o planejamento da forma ̧ca ̃o e da trajeto ́ria de voo pudessem ser realizados diretamente em mapas 3D. No m ́odulo de controle do voo mu ́ltiplo foi desenvolvida uma metodologia baseada em campos potenciais.
Foi estruturado um ambiente de simula ̧c ̃ao, para os testes e valida ̧ca ̃o da metodologia proposta. Com o simulador,  ́e poss ́ıvel realizar um planejamento de missa ̃o e avaliar os paraˆmetros do campo potencial, atrav ́es da visualiza ̧ca ̃o das trajeto ́rias simuladas. Outra funcionalidade deste ambiente  ́e a integra ̧ca ̃o da ECS, com o simulador de voo XPlane⃝R , implantando o voo mu ́ltiplo em um ambiente muito pro ́ximo ao de uma situa ̧ca ̃o real.
Al ́em do trabalho de implementac ̧ ̃ao e valida ̧ca ̃o do software da ECS, tamb ́em foram realizados testes correlacionados ao tema dessa disserta ̧ca ̃o. O primeiro, foi um teste de HIL (Hardware In te Loop) para o projeto vant-Lanu do IME, em que foi realizada a integrac ̧ ̃ao de um piloto autom ́atico com uma solu ̧ca ̃o open source de ECS. O segundo experimento foi a estrutura ̧ca ̃o de uma plataforma de testes de voo para vants. A plata- forma  ́e composta por dois dirig ́ıveis rob ́oticos na ̃o tripulados indoors que sa ̃o controlados remotamente, para possibilitar testes das funcionalidades de voo mu ́ltiplo. Neste tra- balho, descrevemos o modelo aerodinˆamico e aerosta ́tico do dirig ́ıvel e  ́e apresentada a plataforma ZigBee (IEEE 802.15.4) como um sistema de telemetria e controle da atitude do dirig ́ıvel.},
  File                     = {:refs/imu/Dissertacao_Alberto_Torres_Angonese.pdf:PDF},
  Owner                    = {bsgiovanini},
  Timestamp                = {2015.01.15}
}

@Article{Becker2012a,
  Title                    = {In flight collision avoidance for a Mini-UAV robot based on onboard sensors},
  Author                   = {Becker, Marcelo and Sampaio, Rafael Coronel B and Bouabdallah, Samir and Perrot, VD and Siegwart, Roland},
  Journal                  = {Mechatronics Lab},
  Year                     = {2012},

  Abstract                 = {The major goal of this research was the development and implementation of an active control system to avoid collisions during the flight for a mini-quadrotor helicopter. However, the design aspects must be seriously studied in order to overcome hardware limitations and achieve control simplification. The controllers of an UAV (Unmanned Aerial Vehicle) robot deal with highly unstable dynamics and strong axes coupling. Furthermore, any additional onboard sensor increases the robot total weight and therefore decreases its operating time. It is necessary to find a balance between onboard electronics and robot operating time. This paper focuses not only on the development and implementation of a collision avoidance controller for a mini-VTOL robot using onboard ultrasound (US) sensors for detecting obstacles and for controlling its altitude, but also on the mathematical model that was essential for the controller developing phases as well. In order to facilitate the controller implementation, we developed a simulation tool in MatLab/Simulink using an accurate dynamic model of OS4 (our mini-VTOL robot). This tool allowed us to simulate and improve the OS4 controllers in different modeled environments and test different approaches. After that, the controllers were embedded in the real robot and the results were encouraging. At present time, this is an ongoing research being carried out with a new mini-VTOL flying robot configuration: a coaxial mini-helicopter},
  File                     = {:refs/collision avoidance/In flight collision avoidance for a Mini- UAV robot based on onboard sensors.pdf:PDF},
  Owner                    = {bsgiovanini},
  Timestamp                = {2015.01.12}
}

@Article{Becker2012,
  Title                    = {In-flight collision avoidance controller based only on OS4 embedded sensors},
  Author                   = {Becker, Marcelo and Sampaio, Rafael Coronel B and Bouabdallah, Samir and Perrot, Vincent de and Siegwart, Roland},
  Journal                  = {Journal of the Brazilian Society of Mechanical Sciences and Engineering},
  Year                     = {2012},
  Number                   = {3},
  Pages                    = {294--307},
  Volume                   = {34},

  Abstract                 = {The major goal of this research was the development and implementation of a control system able to avoid collisions during the flight for a mini-quadrotor helicopter, based only on its embedded sensors without changing the environment. However, it is important to highlight that the design aspects must be seriously considered in order to overcome hardware limitations and achieve control simplification. The controllers of a UAV (Unmanned Aerial Vehicle) robot deal with highly unstable dynamics and strong axes coupling. Furthermore, any additional embedded sensor increases the robot total weight and therefore, decreases its operating time. The best balance between embedded electronics and robot operating time is desired. This paper focuses not only on the development and implementation of a collision avoidance controller for a mini-robotic helicopter using only its embedded sensors, but also on the mathematical model that was essential for the controller developing phases. Based on this model we carried out the development of a simulation tool based on MatLab/Simulink that was fundamental for setting the controllers' parameters. This tool allowed us to simulate and improve the OS4 controllers in different modeled environments and test different approaches. After that, the controllers were embedded in the real robot and the results proved to be very robust and feasible. In addition to this, the controller has the advantage of being compatible with future path planners that we are developing.},
  File                     = {:refs/collision avoidance/In-Flight Collision Avoidance Controller Based Only on OS4 Embedded Sensors.pdf:PDF},
  Owner                    = {bsgiovanini},
  Publisher                = {SciELO Brasil},
  Timestamp                = {2015.01.12}
}

@InProceedings{Bouktir2008,
  Title                    = {Trajectory planning for a quadrotor helicopter},
  Author                   = {Bouktir, Y and Haddad, M and Chettibi, T},
  Booktitle                = {Control and Automation, 2008 16th Mediterranean Conference on},
  Year                     = {2008},
  Organization             = {IEEE},
  Pages                    = {1258--1263},

  Abstract                 = {A simple direct method able to generate time- optimal trajectories for a micro quadrotor helicopter is presented. It is based on modeling the quadrotor trajectory as a composition of a parametric function P(λ) defining the quadrotor path, and a monotonically increasing function λ(t), specifying the motion on this path. The optimal evolutions of P(λ) andλ(t), which are approximated using B-spline functions, are found using a nonlinear optimization technique. The proposed method accounts for the most important constraints inherent to the system behavior, such as underactuation, obstacles avoidance and limits on actuator torques and speeds.},
  File                     = {:refs/collision avoidance/04602025.pdf:PDF},
  Owner                    = {bsgiovanini},
  Timestamp                = {2015.01.12}
}

@Article{Gibiansky2010,
  Title                    = {Quadcopter Dynamics, Simulation, and Control},
  Author                   = {Gibiansky, Andrew},
  Year                     = {2010},

  Owner                    = {bsgiovanini},
  Timestamp                = {2015.01.12}
}

@Article{Grzonka2012,
  Title                    = {A fully autonomous indoor quadrotor},
  Author                   = {Grzonka, Slawomir and Grisetti, Giorgio and Burgard, Wolfram},
  Journal                  = {Robotics, IEEE Transactions on},
  Year                     = {2012},
  Number                   = {1},
  Pages                    = {90--100},
  Volume                   = {28},

  Abstract                 = {Recentemente, o interesse no desenvolvimento de veículos voadores autônomos vem crescendo. No entanto, como a maior parte das abordagens propostas são adequadas para operação outdoor, apenas algumas técnicas foram projetadas para ambientes indoors, onde dispositivos não podem contar com o Sistema de Posicionamento Global (GPS) e, portanto, necessitam usar seus sensores exteroceptivos para navegação. Neste artigo, apresentamos um sistema de navegação genérico que permite a um sistema quadrotor de pequeno porte operar de forma autônoma em ambientes indoors. Para atingir este objetivo, que sistematicamente consiste na extensão e adaptação de técnicas aplicadas com sucesso em robôs terrestres, nós descrevemos todos os algoritmos e apresentamos um amplo conjunto de experiências, que ilustram a possibilidade de navegação autônoma de um quadrotor de forma confiável em ambientes indoors},
  File                     = {Portugues:refs/quadcopter/Quadrotor ptbr.pdf:PDF;:refs/quadcopter/Quadrotor.pdf:PDF},
  Owner                    = {bsgiovanini},
  Publisher                = {IEEE},
  Timestamp                = {2015.01.12}
}

@Article{Israelsen,
  Title                    = {Automatic Collision Avoidance for Manually Tele-operated Unmanned Aerial Vehicles},
  Author                   = {Israelsen, Jason and Beall, Matt and Bareiss, Daman and Stuart, Daniel and Keeney, Eric and van den Berg, Jur},

  __markedentry            = {[bsgiovanini:]},
  Abstract                 = {In this paper we present an approach that aids the human operator of unmanned aerial vehicles by automatically performing collision avoidance with obstacles in the environ- ment so that the operator can focus on the global direction of motion of the vehicle. As opposed to systems that override operator control as a last resort in order to avoid collisions (such as those found in modern automobiles), our approach is designed such that the operator can rely on the automatic collision avoidance, enabling intuitive and safe operator control of vehicles that may otherwise be difficult to control. Our approach continually extrapolates the future flight path of the vehicle given the current operator control input. If an imminent collision is predicted our algorithm will override the operator’s control input with the nearest control input that will actually let the vehicle avoid collisions with obstacles. This ensures safe flight while simultaneously maintaining the intent of the human operator as closely as possible. We successfully implemented our approach on a physical quadrotor system in a laboratory environment. In all experiments the human operator failed to crash the vehicle into floors, walls, ceilings, or obstacles, even when deliberately attempting to do so.},
  File                     = {:refs/collision avoidance/ICRA2014-aca.pdf:PDF},
  Owner                    = {bsgiovanini},
  Timestamp                = {2015.01.13}
}

@MastersThesis{Adalberto2009,
  Title                    = {SIMULAÇÃO E IMPLEMENTAÇÃO EM TEMPO REAL DE SISTEMAS
DE NAVEGAÇÃO INERCIAL INTEGRADOS INS/GPS},
  Author                   = {JOSÉ ADALBERTO FRANÇA JUNIOR},
  School                   = {IME},
  Year                     = {2009},

  File                     = {:refs/imu/tese_msc_2009_adalberto.pdf:PDF},
  Owner                    = {bsgiovanini},
  Timestamp                = {2015.01.14}
}

@Other{Kingdom,
  Title                    = {PID Controller Tutorial For Robots},
  Author                   = {Robot Kingdom},
  Date-added               = {2015-01-11 10:45:00 +0000},
  Date-modified            = {2015-01-11 10:46:01 +0000},
  LastChecked              = {11/01/2015},
  Owner                    = {bsgiovanini},
  Timestamp                = {2015.01.12},
  Url                      = {http://robot-kingdom.com/pid-controller-tutorial-for-robots/},
  Urldate                  = {http://robot-kingdom.com/pid-controller-tutorial-for-robots/}
}

@Other{Liang,
  Title                    = {Quadcopter PID Explained and Tuning},
  Author                   = {Oscar Liang},
  Date-added               = {2015-01-11 10:36:41 +0000},
  Date-modified            = {2015-01-11 10:37:51 +0000},
  LastChecked              = {11/01/2015},
  Owner                    = {bsgiovanini},
  Timestamp                = {2015.01.12},
  Url                      = {http://blog.oscarliang.net/quadcopter-pid-explained-tuning/},
  Urldate                  = {http://blog.oscarliang.net/quadcopter-pid-explained-tuning/}
}

@Article{Mian2008,
  Title                    = {Modeling and backstepping-based nonlinear control strategy for a 6 DOF quadrotor helicopter},
  Author                   = {Mian, Ashfaq Ahmad and Daobo, Wang},
  Journal                  = {Chinese Journal of Aeronautics},
  Year                     = {2008},
  Number                   = {3},
  Pages                    = {261--268},
  Volume                   = {21},

  File                     = {:refs/quadcopter/Modeling and Backstepping-based Nonlinear Control Strategy for a 6 DOF Quadrotor Helicopter.pdf:PDF},
  Owner                    = {bsgiovanini},
  Publisher                = {Elsevier},
  Review                   = {Faz o desvio de obstáculo através do uso de sonares (4 direcionais e um para altitude)
IMU
Utiliza um modelo já estudado por 3 anos (OS4)
Utiliza um simulador também já desenvolvido (modelou os sensores lá)
Modelagem matemática pronta para controle (PID e Backstepping)
Matlab e Simulink},
  Timestamp                = {2015.01.12}
}

@Book{Ogata2003,
  Title                    = {Engenharia de controle moderno},
  Author                   = {Ogata, Katsuhiko and Maya, Paulo {\'A}lvaro and Leonardi, Fabrizio},
  Publisher                = {Prentice Hall},
  Year                     = {2003},

  Owner                    = {bsgiovanini},
  Timestamp                = {2015.01.12}
}

@InProceedings{Paixao2011,
  Title                    = {An attitude heading and reference system: basic concepts and prototype},
  Author                   = {da Paixao, Ronan Alves and Rosa, Paulo Fernando Ferreira and Neto, Jacy Montenegro Magalhaes},
  Booktitle                = {Industrial Electronics (ISIE), 2011 IEEE International Symposium on},
  Year                     = {2011},
  Organization             = {IEEE},
  Pages                    = {2225--2230},

  __markedentry            = {[bsgiovanini:6]},
  Owner                    = {bsgiovanini},
  Timestamp                = {2015.01.15}
}

@Article{Salih2010,
  Title                    = {Flight PID controller design for a UAV quadrotor},
  Author                   = {Salih, Atheer L and Moghavvemi, M and Mohamed, Haider AF and Gaeid, Khalaf Sallom},
  Journal                  = {Scientific Research and Essays},
  Year                     = {2010},
  Number                   = {23},
  Pages                    = {3660--3667},
  Volume                   = {5},

  Abstract                 = {This paper presents the modeling of a four rotor vertical take-off and landing (VTOL) unmanned air vehicle known as the quad rotor aircraft. The paper presents a new model design method for the flight control of an autonomous quad rotor. The paper describes the controller architecture for the quad rotor as well. The dynamic model of the quad-rotor, which is an under actuated aircraft with fixed four pitch angle rotors was described. The Modeling of a quad rotor vehicle is not an easy task because of its complex structure. The aim is to develop a model of the vehicle as realistic as possible. The model is used to design a stable and accurate controller. This paper explains the developments of a PID (proportional-integral-derivative) control method to obtain stability in flying the Quad-rotor flying object. The model has four input forces which are basically the thrust provided by each propeller connected to each rotor with fixed angle. Forward (backward) motion is maintained by increasing (decreasing) speed of front (rear) rotor speed while decreasing (increasing) rear (front) rotor speed simultaneously which means changing the pitch angle. Left and right motion is accomplished by changing roll angle by the same way. The front and rear motors rotate counter-clockwise while other motors rotate clockwise so that the yaw command is derived by increasing (decreasing) counter-clockwise motors speed while decreasing (increasing) clockwise motor speeds},
  File                     = {:refs/pid/0912f511361f422fdd000000.pdf:PDF},
  Owner                    = {bsgiovanini},
  Publisher                = {Academic Journals},
  Timestamp                = {2015.01.12}
}

@InProceedings{Zhang2014,
  Title                    = {A Survey of Modelling and Identification of Quadrotor Robot},
  Author                   = {Zhang, Xiaodong and Li, Xiaoli and Wang, Kang and Lu, Yanjun},
  Booktitle                = {Abstract and Applied Analysis},
  Year                     = {2014},
  Organization             = {Hindawi Publishing Corporation},
  Volume                   = {2014},
  File                     = {:refs/quadcopter/320526.pdf:PDF},
  Owner                    = {bsgiovanini},
  Timestamp                = {2015.01.12}
}

@comment{jabref-meta: groupsversion:3;}

@comment{jabref-meta: groupstree:
0 AllEntriesGroup:;
1 ExplicitGroup:Flight Control\;0\;Kingdom\;Liang\;Mian2008\;Ogata2003
\;Salih2010\;Zhang2014\;;
1 ExplicitGroup:Collision avoidance\;0\;Becker2012\;Becker2012a\;Boukt
ir2008\;Israelsen\;;
}

