%% This BibTeX bibliography file was created using BibDesk.
%% http://bibdesk.sourceforge.net/


%% Created for bruno at 2015-01-11 08:46:07 -0200 


%% Saved with string encoding Unicode (UTF-8) 



@url{robotkingdompid,
	Author = {Robot Kingdom},
	Date-Added = {2015-01-11 10:45:00 +0000},
	Date-Modified = {2015-01-11 10:46:01 +0000},
	Lastchecked = {11/01/2015},
	Title = {PID Controller Tutorial For Robots},
	Urldate = {http://robot-kingdom.com/pid-controller-tutorial-for-robots/}}

@url{oscarliangpid,
	Author = {Oscar Liang},
	Date-Added = {2015-01-11 10:36:41 +0000},
	Date-Modified = {2015-01-11 10:37:51 +0000},
	Lastchecked = {11/01/2015},
	Title = {Quadcopter PID Explained and Tuning},
	Urldate = {http://blog.oscarliang.net/quadcopter-pid-explained-tuning/}}

@book{ogata2003engenharia,
	Author = {Ogata, Katsuhiko and Maya, Paulo {\'A}lvaro and Leonardi, Fabrizio},
	Publisher = {Prentice Hall},
	Title = {Engenharia de controle moderno},
	Year = {2003}}

@article{gibiansky2010quadcopter,
	Author = {Gibiansky, Andrew},
	Title = {Quadcopter Dynamics, Simulation, and Control},
	Year = {2010}}

@article{grzonka2012fully,
	Author = {Grzonka, Slawomir and Grisetti, Giorgio and Burgard, Wolfram},
	Journal = {Robotics, IEEE Transactions on},
	Number = {1},
	Pages = {90--100},
	Publisher = {IEEE},
	Title = {A fully autonomous indoor quadrotor},
	Volume = {28},
	Year = {2012}}

@article{mian2008modeling,
	Author = {Mian, Ashfaq Ahmad and Daobo, Wang},
	Journal = {Chinese Journal of Aeronautics},
	Number = {3},
	Pages = {261--268},
	Publisher = {Elsevier},
	Title = {Modeling and backstepping-based nonlinear control strategy for a 6 DOF quadrotor helicopter},
	Volume = {21},
	Year = {2008}}

@article{salih2010flight,
	Author = {Salih, Atheer L and Moghavvemi, M and Mohamed, Haider AF and Gaeid, Khalaf Sallom},
	Journal = {Scientific Research and Essays},
	Number = {23},
	Pages = {3660--3667},
	Publisher = {Academic Journals},
	Title = {Flight PID controller design for a UAV quadrotor},
	Volume = {5},
	Year = {2010}}
